@article{kruskal1956shortest,
  title={On the shortest spanning subtree of a graph and the traveling salesman problem},
  author={Kruskal, Joseph B},
  journal={Proceedings of the American Mathematical society},
  volume={7},
  number={1},
  pages={48--50},
  year={1956}
}

@book{biggs1976graph,
  title={Graph Theory, 1736-1936},
  author={Biggs, Norman and Lloyd, E Keith and Wilson, Robin J},
  year={1976},
  publisher={Oxford University Press} 
}

@article{graham1985history,
  title={On the history of the minimum spanning tree problem},
  author={Graham, Ronald L and Hell, Pavol},
  journal={Annals of the History of Computing},
  volume={7},
  number={1},
  pages={43--57},
  year={1985},
  publisher={IEEE}
}

@article{nevsetvril2001otakar,
  title={Otakar Bor{\uu}vka on minimum spanning tree problem translation of both the 1926 papers, comments, history},
  author={Ne{\v{s}}et{\v{r}}il, Jaroslav and Milkov{\'a}, Eva and Ne{\v{s}}et{\v{r}}ilov{\'a}, Helena},
  journal={Discrete mathematics},
  volume={233},
  number={1-3},
  pages={3--36},
  year={2001},
  publisher={Elsevier}
}

@incollection{beni1993swarm,
  title={Swarm intelligence in cellular robotic systems},
  author={Beni, Gerardo and Wang, Jing},
  booktitle={Robots and Biological Systems: Towards a New Bionics?},
  pages={703--712},
  year={1993},
  publisher={Springer}
}

@inproceedings{bishop1989stochastic,
  title={Stochastic searching networks},
  author={Bishop, JM},
  booktitle={Artificial Neural Networks, 1989., First IEE International Conference on (Conf. Publ. No. 313)},
  pages={329--331},
  year={1989},
  organization={IET}
}

@inproceedings{nasuto1998time,
  title={Time Complexity Analysis of the Stochastic Diffusion Search.},
  author={Nasuto, Slawomir J and Bishop, J Mark and Lauria, Stanislao and others},
  booktitle={NC},
  pages={260--266},
  year={1998}
}

@article{turing1950mind,
  title={Mind-a quarterly review of psychology and philosophy},
  author={Turing, Alan},
  journal={Vol. LIX},
  number={236},
  year={1950}
}

@article{yao19750,
  title={An 0 (| E| loglog| V|) algorithm for finding minimum spanning trees},
  author={Yao, Andrew Chi-Chih},
  journal={Information Processing Letters},
  volume={4},
  number={1},
  pages={21--23},
  year={1975},
  publisher={Elsevier}
}

@inproceedings{liu2009minimum,
  title={Minimum Spanning Tree Problem Research Based on Genetic Algorithm},
  author={Liu, Hong and Zhou, Gengui},
  booktitle={Computational Intelligence and Design, 2009. ISCID'09. Second International Symposium on},
  volume={2},
  pages={197--201},
  year={2009},
  organization={IEEE}
}

@article{prim1957shortest,
  title={Shortest connection networks and some generalizations},
  author={Prim, Robert Clay},
  journal={Bell Labs Technical Journal},
  volume={36},
  number={6},
  pages={1389--1401},
  year={1957},
  publisher={Wiley Online Library}
}

@inproceedings{hosseini2012solving,
  title={Solving Euclidean minimal spanning tree problem using a new meta-heuristic approach: imperialist competitive algorithm (ICA)},
  author={Hosseini, SM and Khaled, AA and Jin, M},
  booktitle={Industrial Engineering and Engineering Management (IEEM), 2012 IEEE International Conference on},
  pages={176--181},
  year={2012},
  organization={IEEE}
}

@book{west2001introduction,
  title={Introduction to graph theory},
  author={West, Douglas Brent and others},
  volume={2},
  year={2001},
  publisher={Prentice hall Upper Saddle River}
}

@article{hoare1961algorithm,
  title={Algorithm 64: quicksort},
  author={Hoare, Charles Antony Richard},
  journal={Communications of the ACM},
  volume={4},
  number={7},
  pages={321},
  year={1961},
  publisher={ACM}
}

@inproceedings{atashpaz2007imperialist,
  title={Imperialist competitive algorithm: an algorithm for optimization inspired by imperialistic competition},
  author={Atashpaz-Gargari, Esmaeil and Lucas, Caro},
  booktitle={Evolutionary computation, 2007. CEC 2007. IEEE Congress on},
  pages={4661--4667},
  year={2007},
  organization={IEEE}
}